<?xml version="1.0" encoding="utf-8"?>
<record xmlns="http://www.loc.gov/MARC21/slim" xmlns:xsi="http://www.w3.org/2001/XMLSchema-instance" xsi:schemaLocation="http://www.loc.gov/MARC21/slim http://www.loc.gov/standards/marcxml/schema/MARC21slim.xsd">
	<leader>     nam a22     Mi 4500</leader>
	<controlfield tag="001">2756299</controlfield>
	<controlfield tag="003">NjP</controlfield>
	<controlfield tag="006">m        d        </controlfield>
	<controlfield tag="007">cr cn |||m|||a</controlfield>
	<controlfield tag="008">200430s1905    ua      o     000 0 ara d</controlfield>
	<datafield ind1=" " ind2=" " tag="040">
		<subfield code="a">ZYU</subfield>
		<subfield code="b">ara</subfield>
		<subfield code="e">rda</subfield>
		<subfield code="c">ZYU</subfield>
	</datafield>
	<datafield ind1=" " ind2="4" tag="050">
		<subfield code="a">PJ7631</subfield>
		<subfield code="b">.A2 1905</subfield>
	</datafield>
	<datafield ind1="0" ind2=" " tag="100">
		<subfield code="6">880-01</subfield>
		<subfield code="a">Abū al-Faraj al-Iṣbahānī,</subfield>
		<subfield code="d">897 or 898-967.</subfield>
	</datafield>
	<datafield ind1="1" ind2="0" tag="240">
		<subfield code="6">880-02</subfield>
		<subfield code="a">Aghānī</subfield>
	</datafield>
	<datafield ind1="1" ind2="0" tag="245">
		<subfield code="6">880-03</subfield>
		<subfield code="a">Kitāb al-aghānī /</subfield>
		<subfield code="c">li-Abī al-Faraj al-Iṣbahānī.</subfield>
	</datafield>
	<datafield ind1="3" ind2=" " tag="246">
		<subfield code="6">880-04</subfield>
		<subfield code="a">Aghānī</subfield>
	</datafield>
	<datafield ind1=" " ind2=" " tag="260">
		<subfield code="6">880-05</subfield>
		<subfield code="a">Miṣr :</subfield>
		<subfield code="b">Maṭbaʻat al-taqaddum,</subfield>
		<subfield code="c">[1905]</subfield>
	</datafield>
	<datafield ind1=" " ind2=" " tag="300">
		<subfield code="a">online resource (21 volumes in 5.)</subfield>
	</datafield>
	<datafield ind1=" " ind2=" " tag="336">
		<subfield code="a">text</subfield>
		<subfield code="2">rdacontent</subfield>
	</datafield>
	<datafield ind1=" " ind2=" " tag="337">
		<subfield code="a">computer</subfield>
		<subfield code="2">rdamedia</subfield>
	</datafield>
	<datafield ind1=" " ind2=" " tag="338">
		<subfield code="a">online resource</subfield>
		<subfield code="2">rdacarrier</subfield>
	</datafield>
	<datafield ind1=" " ind2=" " tag="500">
		<subfield code="a">Four indices, each with separate title page bound with v. 21. Imprint of indices: [Cairo] Maṭbaʻat al-jumhūr, 1323 [1905].</subfield>
	</datafield>
	<datafield ind1=" " ind2=" " tag="500">
		<subfield code="a">Lacking p. 183-190 in v. 21.</subfield>
	</datafield>
	<datafield ind1=" " ind2=" " tag="500">
		<subfield code="a">Part of the Arabic Collections Online (ACO) project, contributed by Princeton University Libraries.</subfield>
	</datafield>
	<datafield ind1=" " ind2=" " tag="533">
		<subfield code="a">Electronic reproduction.</subfield>
		<subfield code="b">New York, N.Y. :</subfield>
		<subfield code="c">New York University,</subfield>
		<subfield code="d">2020.</subfield>
		<subfield code="5">NNU</subfield>
	</datafield>
	<datafield ind1="0" ind2="0" tag="700">
		<subfield code="6">880-06</subfield>
		<subfield code="a">Shinqīṭī, Aḥmad ibn al-Amīn,</subfield>
		<subfield code="d">-1912 or 1913.</subfield>
	</datafield>
	<datafield ind1="2" ind2=" " tag="710">
		<subfield code="a">Princeton University.</subfield>
		<subfield code="b">Library.</subfield>
	</datafield>
	<datafield ind1="0" ind2=" " tag="730">
		<subfield code="a">Arabic Collections Online.</subfield>
	</datafield>
	<datafield ind1="0" ind2="8" tag="776">
		<subfield code="i">Online version:</subfield>
		<subfield code="a">Abū al-Faraj al-Iṣbahānī, 897 or 898-967.</subfield>
		<subfield code="t">Kitāb al-aghānī</subfield>
		<subfield code="d">Cairo : Maṭbaʻat al-taqaddum, [1323, 1905]</subfield>
		<subfield code="w">(OCoLC)931658102</subfield>
	</datafield>
	<datafield ind1="0" ind2="8" tag="776">
		<subfield code="i">Print version:</subfield>
		<subfield code="a">Abū al-Faraj al-Iṣbahānī, 897 or 898-967.</subfield>
		<subfield code="t">Kitāb al-aghānī</subfield>
		<subfield code="w">(NjP)2756299</subfield>
		<subfield code="w">(OCoLC)20122041</subfield>
	</datafield>
	<datafield ind1="4" ind2="0" tag="856">
		<subfield code="u">http://hdl.handle.net/2333.1/d51c5mm9</subfield>
	</datafield>
	<datafield ind1="0" ind2=" " tag="880">
		<subfield code="6">100-01</subfield>
		<subfield code="a">أبو الفرج الاصبهاني،</subfield>
		<subfield code="d">967-8 or 897.</subfield>
	</datafield>
	<datafield ind1="1" ind2="0" tag="880">
		<subfield code="6">240-02</subfield>
		<subfield code="a">الأغاني</subfield>
	</datafield>
	<datafield ind1="1" ind2="0" tag="880">
		<subfield code="6">245-03</subfield>
		<subfield code="a">كتاب الأغاني /</subfield>
		<subfield code="c">لأبي الفرج الأصبهاني ؛ بتصحيح أحمد الشنقيطي.</subfield>
	</datafield>
	<datafield ind1="3" ind2=" " tag="880">
		<subfield code="6">246-04</subfield>
		<subfield code="a">اغاني </subfield>
	</datafield>
	<datafield ind1=" " ind2=" " tag="880">
		<subfield code="6">260-05</subfield>
		<subfield code="a">مصر :</subfield>
		<subfield code="b">مطبعة التقدم،</subfield>
		<subfield code="c">[1905]</subfield>
	</datafield>
	<datafield ind1="0" ind2="0" tag="880">
		<subfield code="6">700-06</subfield>
		<subfield code="a">شنقيطي، احمد بن الامين،</subfield>
		<subfield code="d">-1912 or 1913.</subfield>
	</datafield>
	<datafield ind1=" " ind2=" " tag="959">
		<subfield code="a">NNU</subfield>
		<subfield code="b">WEB</subfield>
		<subfield code="c">GENI</subfield>
		<subfield code="t">0</subfield>
		<subfield code="m">Electronic access</subfield>
		<subfield code="s">01</subfield>
	</datafield>
	<datafield ind1=" " ind2=" " tag="999">
		<subfield code="i">NjP_2756299</subfield>
		<subfield code="o">(OCoLC)ocm20122041</subfield>
		<subfield code="s">princeton_aco004030:v.1</subfield>
		<subfield code="s">princeton_aco004031:v.2</subfield>
		<subfield code="s">princeton_aco004032:v.3</subfield>
		<subfield code="s">princeton_aco004033:v.4</subfield>
		<subfield code="s">princeton_aco004034:v.5</subfield>
		<subfield code="s">princeton_aco004035:v.6</subfield>
		<subfield code="s">princeton_aco004036:v.7</subfield>
		<subfield code="s">princeton_aco004037:v.8</subfield>
		<subfield code="s">princeton_aco004038:v.9</subfield>
		<subfield code="s">princeton_aco004039:v.10</subfield>
		<subfield code="s">princeton_aco004040:v.11</subfield>
		<subfield code="s">princeton_aco004041:v.12</subfield>
		<subfield code="s">princeton_aco004042:v.13</subfield>
		<subfield code="s">princeton_aco004043:v.14</subfield>
		<subfield code="s">princeton_aco004044:v.15</subfield>
		<subfield code="s">princeton_aco004045:v.16</subfield>
		<subfield code="s">princeton_aco004046:v.17</subfield>
		<subfield code="s">princeton_aco004047:v.18</subfield>
		<subfield code="s">princeton_aco004048:v.19</subfield>
		<subfield code="s">princeton_aco004049:v.20</subfield>
		<subfield code="s">princeton_aco004050:v.21</subfield>
		<subfield code="e">(ERROR-880)</subfield>
		<subfield code="s">princeton_aco004030:v.1</subfield>
		<subfield code="s">princeton_aco004031:v.2</subfield>
		<subfield code="s">princeton_aco004032:v.3</subfield>
		<subfield code="s">princeton_aco004033:v.4</subfield>
		<subfield code="s">princeton_aco004034:v.5</subfield>
		<subfield code="s">princeton_aco004035:v.6</subfield>
		<subfield code="s">princeton_aco004036:v.7</subfield>
		<subfield code="s">princeton_aco004037:v.8</subfield>
		<subfield code="s">princeton_aco004038:v.9</subfield>
		<subfield code="s">princeton_aco004039:v.10</subfield>
		<subfield code="s">princeton_aco004040:v.11</subfield>
		<subfield code="s">princeton_aco004041:v.12</subfield>
		<subfield code="s">princeton_aco004042:v.13</subfield>
		<subfield code="s">princeton_aco004043:v.14</subfield>
		<subfield code="s">princeton_aco004044:v.15</subfield>
		<subfield code="s">princeton_aco004045:v.16</subfield>
		<subfield code="s">princeton_aco004046:v.17</subfield>
		<subfield code="s">princeton_aco004047:v.18</subfield>
		<subfield code="s">princeton_aco004048:v.19</subfield>
		<subfield code="s">princeton_aco004049:v.20</subfield>
		<subfield code="s">princeton_aco004050:v.21</subfield>
	</datafield>
</record>
